/home/bagustris/Documents/bib/ref_s3.bib